<record><leader>00000cas a2200000 a 4500</leader><controlfield tag="001">19983644</controlfield><controlfield tag="008">890708d19021911mouwr ne      0    0eng d</controlfield><datafield ind1=" " ind2=" " tag="010"><subfield code="a">sn 89066789 </subfield></datafield><datafield ind1=" " ind2=" " tag="040"><subfield code="a">MQN</subfield><subfield code="b">eng</subfield><subfield code="c">MQN</subfield><subfield code="d">DLC</subfield><subfield code="d">OCL</subfield><subfield code="d">KNP</subfield><subfield code="d">MQN</subfield><subfield code="d">OCL</subfield><subfield code="d">OCLCQ</subfield></datafield><datafield ind1=" " ind2=" " tag="019"><subfield code="a">19972099</subfield></datafield><datafield ind1=" " ind2=" " tag="042"><subfield code="a">msc</subfield></datafield><datafield ind1="0" ind2=" " tag="130"><subfield code="a">Charleston courier (Charleston, Mo. : 1902)</subfield></datafield><datafield ind1="1" ind2="0" tag="245"><subfield code="a">Charleston courier.</subfield></datafield><datafield ind1=" " ind2=" " tag="260"><subfield code="a">Charleston, Mo. :</subfield><subfield code="b">Courier Pub. Co.,</subfield><subfield code="c">1902-1911.</subfield></datafield><datafield ind1=" " ind2=" " tag="300"><subfield code="a">v.</subfield></datafield><datafield ind1=" " ind2=" " tag="310"><subfield code="a">Weekly</subfield></datafield><datafield ind1="0" ind2=" " tag="362"><subfield code="a">-v. 11, no. 9 (Dec. 22, 1911).</subfield></datafield><datafield ind1=" " ind2=" " tag="588"><subfield code="a">Description based on: Vol. 1, no. 52 (Jan. 15, 1903).</subfield></datafield><datafield ind1=" " ind2="4" tag="651"><subfield code="a">Charleston (Mo.)</subfield><subfield code="v">Newspapers.</subfield></datafield><datafield ind1=" " ind2=" " tag="752"><subfield code="a">United States</subfield><subfield code="b">Missouri</subfield><subfield code="c">Mississippi</subfield><subfield code="d">Charleston.</subfield></datafield><datafield ind1="0" ind2="0" tag="785"><subfield code="t">Courier (Charleston, Mo.)</subfield><subfield code="w">(DLC)sn 93060079</subfield></datafield><datafield ind1="1" ind2=" " tag="029"><subfield code="a">AU@</subfield><subfield code="b">000020559777</subfield></datafield></record>